@inproceedings{swisstext,
  title={Quantifying Collaboration in Synchronous Document Editing},
  author={Pace, Adrian and Baligand, Louis and H{\aa}klev, Stian and Olsen, Jennifer K and de Grez, Nore and De Wever, Bram},
  booktitle={Proceedings of the 3rd Swiss Text Analytics Conference (Swiss-Text 2018)},
  year={2018}
}

@inproceedings{cscl19,
  title={Detecting Synchronous Collaborative Writing Strategies through Bottom-Up Analysis},
  author={H{\aa}klev, Stian and Olsen, Jennifer K and Sharma, Kshitij and Montero Sanchis, Lucia and Shengzhao, Lei and Knight, Simon},
  booktitle={CSCL 2019 Full Papers, Short},
  year={2018}
}

@article{southavilay2009writeproc,
  title={WriteProc: A framework for exploring collaborative writing processes},
  author={Southavilay, Vilaythong and Yacef, Kalina and Calvo, Rafael A},
  journal={ADCS 2009},
  pages={129},
  year={2009}
}

@inproceedings{sv2,
  title={Process mining to support students' collaborative writing},
  author={Southavilay, Vilaythong and Yacef, Kalina and Callvo, Rafael A},
  booktitle={Educational Data Mining 2010},
  year={2010}
}

@inproceedings{sv3,
  title={Analysis of collaborative writing processes using revision maps and probabilistic topic models},
  author={Southavilay, Vilaythong and Yacef, Kalina and Reimann, Peter and Calvo, Rafael A},
  booktitle={Proceedings of the third international conference on learning analytics and knowledge},
  pages={38--47},
  year={2013},
  organization={ACM}
}

@inproceedings{sv4,
  title={Analysis of collaborative writing processes using hidden Markov models and semantic heuristics},
  author={Southavilay, Vilaythong and Yacef, Kalina and Calvo, Rafael A},
  booktitle={2010 IEEE International Conference on Data Mining Workshops},
  pages={543--548},
  year={2010},
  organization={IEEE}
}

@article{ref6,
  title={The effect of computers on student writing: A meta-analysis of studies from 1992 to 2002},
  author={Goldberg, Amie and Russell, Michael and Cook, Abigail},
  journal={The Journal of Technology, Learning and Assessment},
  volume={2},
  number={1},
  year={2003}
}

@misc{FROG-analytics,
  author = {CHILI Lab EPFL},
  title = {{FROG}-{Analytics}},
  year = {2018},
  publisher = {GitHub},
  journal = {GitHub repository},
  howpublished = {https://github.com/chili-epfl/FROG-analytics},
  commit = {45861c297941a1fbf878b21d2d5b7b2482a69dbe}
}

@article{doc2vecPretrained,
  title={An empirical evaluation of doc2vec with practical insights into document embedding generation},
  author={Lau, Jey Han and Baldwin, Timothy},
  journal={arXiv preprint arXiv:1607.05368},
  year={2016}
}
@inproceedings{doc2vec,
  title={Distributed representations of sentences and documents},
  author={Le, Quoc and Mikolov, Tomas},
  booktitle={International Conference on Machine Learning},
  pages={1188--1196},
  year={2014}
}
@inproceedings{sen2vec,
  title = {{Unsupervised Learning of Sentence Embeddings using Compositional n-Gram Features}},
  author = {Pagliardini, Matteo and Gupta, Prakhar and Jaggi, Martin},
  booktitle={NAACL 2018 - Conference of the North American Chapter of the Association for Computational Linguistics},
  year={2018}
}

@article{lowry2004building,
  title={Building a taxonomy and nomenclature of collaborative writing to improve interdisciplinary research and practice},
  author={Lowry, Paul Benjamin and Curtis, Aaron and Lowry, Michelle Ren{\'e}},
  journal={The Journal of Business Communication (1973)},
  volume={41},
  number={1},
  pages={66--99},
  year={2004},
  publisher={SAGE Publications}
}